@book{bib:engelbrecht2007,
  title={Computational intelligence: an introduction},
  author={Engelbrecht, Andries P},
  year={2007},
  publisher={John Wiley \& Sons}
}

@inproceedings{bib:kennedyeberhart1995,
  title={Particle swarm optimization},
  author={Eberhart, Russell and Kennedy, James},
  booktitle={Proceedings of the IEEE international conference on neural networks},
  volume={4},
  pages={1942--1948},
  year={1995},
  organization={Citeseer}
}

@misc{bib:hemps,
  organization = {},
  org-short = {HeMPS},
  title = {Hermes Multiprocessor System on Chip},
  url = {https://www.inf.pucrs.br/hemps/index.html},
  urlaccessdate = {05 out. 2019},
  year = {2019},
}